%% This BibTeX bibliography file was created using BibDesk.
%% http://bibdesk.sourceforge.net/


%% Created for eljefe_desktop at 2012-11-05 17:09:35 -0600 


%% Saved with string encoding Unicode (UTF-8) 

	
@article{outlook2014early,
  title={Early Release Overview},
  author={Outlook, Annual Energy},
  journal={US Energy Information Administration},
  year={2014}
}

@phdthesis{dostal2004supercritical,
  title={A supercritical carbon dioxide cycle for next generation nuclear reactors},
  author={Dostal, Vaclav and Driscoll, Michael J and Hejzlar, Pavel},
  year={2004},
  school={Massachusetts Institute of Technology, Department of Nuclear Engineering}
}

@article{shao2018shock,
  title={A shock tube study of ignition delay times in diluted methane, ethylene, propene and their blends at elevated pressures},
  author={Shao, Jiankun and Davidson, David F and Hanson, Ronald K},
  journal={Fuel},
  volume={225},
  pages={370--380},
  year={2018},
  publisher={Elsevier}
}

@article{koroglu2016shock,
  title={Shock tube ignition delay times and methane time-histories measurements during excess CO2 diluted oxy-methane combustion},
  author={Koroglu, Batikan and Pryor, Owen M and Lopez, Joseph and Nash, Leigh and Vasu, Subith S},
  journal={Combustion and flame},
  volume={164},
  pages={152--163},
  year={2016},
  publisher={Elsevier}
}

@article{shao2019ignition,
  title={Ignition delay times of methane and hydrogen highly diluted in carbon dioxide at high pressures up to 300 atm},
  author={Shao, Jiankun and Choudhary, Rishav and Davidson, David F and Hanson, Ronald K and Barak, Samuel and Vasu, Subith},
  journal={Proceedings of the Combustion Institute},
  volume={37},
  number={4},
  pages={4555--4562},
  year={2019},
  publisher={Elsevier}
}
@article{hu2014investigation,
  title={Investigation of laminar flame speeds of CH4/O2/CO2 mixtures at ordinary pressure and kinetic simulation},
  author={Hu, Xianzhong and Yu, Qingbo and Liu, Junxiang and Sun, Nan},
  journal={Energy},
  volume={70},
  pages={626--634},
  year={2014},
  publisher={Elsevier}
}
@article{ahn2015review,
  title={Review of supercritical CO2 power cycle technology and current status of research and development},
  author={Ahn, Yoonhan and Bae, Seong Jun and Kim, Minseok and Cho, Seong Kuk and Baik, Seungjoon and Lee, Jeong Ik and Cha, Jae Eun},
  journal={Nuclear Engineering and Technology},
  volume={47},
  number={6},
  pages={647--661},
  year={2015},
  publisher={Elsevier}
}
@article{peng1976new,
  title={A new two-constant equation of state},
  author={Peng, Ding-Yu and Robinson, Donald B},
  journal={Industrial \& Engineering Chemistry Fundamentals},
  volume={15},
  number={1},
  pages={59--64},
  year={1976},
  publisher={ACS Publications}
}

@article{saha1997isoenergetic,
  title={The isoenergetic-isochoric flash},
  author={Saha, Sanjoy and Carroll, John J},
  journal={Fluid phase equilibria},
  volume={138},
  number={1-2},
  pages={23--41},
  year={1997},
  publisher={Elsevier}
}

@article{qiu2014development,
  title={Development of a thermodynamically consistent, robust and efficient phase equilibrium solver and its validations},
  author={Qiu, Lu and Wang, Yue and Jiao, Qi and Wang, Hu and Reitz, Rolf D},
  journal={Fuel},
  volume={115},
  pages={1--16},
  year={2014},
  publisher={Elsevier}
}

@article{somait1978liquid,
  title={Liquid-vapor equilibriums at 270.00 K for systems containing nitrogen, methane, and carbon dioxide},
  author={Somait, Fahad A and Kidnay, Arthur J},
  journal={Journal of Chemical and Engineering Data},
  volume={23},
  number={4},
  pages={301--305},
  year={1978},
  publisher={ACS Publications}
}

@article{stradi2001reliable,
  title={Reliable computation of mixture critical points},
  author={Stradi, Benito A and Brennecke, Joan F and Kohn, P and Stadtherr, Mark A},
  journal={AIChE Journal},
  volume={47},
  number={1},
  pages={212--221},
  year={2001},
  publisher={Wiley Online Library}
}

@article{heidemann1980calculation,
  title={The calculation of critical points},
  author={Heidemann, Robert A and Khalil, Ahmed M},
  journal={AIChE journal},
  volume={26},
  number={5},
  pages={769--779},
  year={1980},
  publisher={Wiley Online Library}
}

@article{matheis2018multi,
  title={Multi-component vapor-liquid equilibrium model for LES of high-pressure fuel injection and application to ECN Spray A},
  author={Matheis, Jan and Hickel, Stefan},
  journal={International Journal of Multiphase Flow},
  volume={99},
  pages={294--311},
  year={2018},
  publisher={Elsevier}
}

@inproceedings{delimont2017direct,
  title={Direct Fired Oxy-Fuel Combustor for sCO2 Power Cycles: 1MW Scale Design and Preliminary Bench Top Testing},
  author={Delimont, Jacob and McClung, Aaron and Portnoff, Marc},
  booktitle={ASME Turbo Expo 2017: Turbomachinery Technical Conference and Exposition},
  year={2017},
  organization={American Society of Mechanical Engineers Digital Collection}
}

@inbook{of6,
  title={OpenFOAM-6},
  edition={},
  author={The OpenFOAM Foundation},
  year={2018},
  publisher={},
  address={www.openfoam.org},
  chapter={}
}

@article{takahashi1975preparation,
  title={Preparation of a generalized chart for the diffusion coefficients of gases at high pressures},
  author={Takahashi, Shinji},
  journal={Journal of Chemical Engineering of Japan},
  volume={7},
  number={6},
  pages={417--420},
  year={1975},
  publisher={The Society of Chemical Engineers, Japan}
}

@article{harstad2004mixing,
  title={Mixing rules for multicomponent mixture mass diffusion coefficients and thermal diffusion factors},
  author={Harstad, KG and Bellan, J},
  journal={The Journal of chemical physics},
  volume={120},
  number={12},
  pages={5664--5673},
  year={2004},
  publisher={American Institute of Physics}
}
@article{yi2019multicomponent,
  title={A multicomponent real-fluid fully compressible four-equation model for two-phase flow with phase change},
  author={Yi, Ping and Yang, Songzhi and Habchi, Chaouki and Lugo, Rafael},
  journal={Physics of Fluids},
  volume={31},
  number={2},
  pages={026102},
  year={2019},
  publisher={AIP Publishing LLC}
}


@article{michelsen1987multiphase,
  title={Multiphase isenthalpic and isentropic flash algorithms},
  author={Michelsen, Michael L},
  journal={Fluid phase equilibria},
  volume={33},
  number={1-2},
  pages={13--27},
  year={1987},
  publisher={Elsevier}
}
@inproceedings{yi2019numerical,
  title={Numerical analysis of subcritical evaporation and transcritical mixing of droplet using a tabulated multicomponent vapor-liquid equilibrium model},
  author={Yi, Ping and Jafari, Sajad and Yang, Songzhi and Habchi, Chaouki and Rueil-Malmaison, France},
  booktitle={ILASS--Europe 2019, 29th Conference on Liquid Atomization and Spray Systems},
  year={2019}
}
@article{michelsen1982isothermal,
  title={The isothermal flash problem. Part I. Stability},
  author={Michelsen, Michael L},
  journal={Fluid phase equilibria},
  volume={9},
  number={1},
  pages={1--19},
  year={1982},
  publisher={Elsevier}
}

@article{rachford1952procedure,
  title={Procedure for use of electronic digital computers in calculating flash vaporization hydrocarbon equilibrium},
  author={Rachford Jr, HH and Rice, JD and others},
  journal={Journal of Petroleum Technology},
  volume={4},
  number={10},
  pages={19--3},
  year={1952},
  publisher={Society of Petroleum Engineers}
}

@article{wilson1964vapor,
  title={Vapor-liquid equilibrium. XI. A new expression for the excess free energy of mixing},
  author={Wilson, Grant M},
  journal={Journal of the American Chemical Society},
  volume={86},
  number={2},
  pages={127--130},
  year={1964},
  publisher={ACS Publications}
}

@article{smagorinsky1963general,
  title={General circulation experiments with the primitive equations: I. The basic experiment},
  author={Smagorinsky, Joseph},
  journal={Monthly weather review},
  volume={91},
  number={3},
  pages={99--164},
  year={1963}
}
@article{chung1988generalized,
  title={Generalized multiparameter correlation for nonpolar and polar fluid transport properties},
  author={Chung, Ting Horng and Ajlan, Mohammad and Lee, Lloyd L and Starling, Kenneth E},
  journal={Industrial \& engineering chemistry research},
  volume={27},
  number={4},
  pages={671--679},
  year={1988},
  publisher={ACS Publications}
}

@article{mo2017molecular,
  title={A molecular dynamics investigation of n-alkanes vaporizing into nitrogen: transition from subcritical to supercritical},
  author={Mo, Guiyuan and Qiao, Li},
  journal={Combustion and Flame},
  volume={176},
  pages={60--71},
  year={2017},
  publisher={Elsevier}
}

@article{invernizzi2017prospects,
  title={Prospects of mixtures as working fluids in real-gas brayton cycles},
  author={Invernizzi, Costante Mario},
  journal={Energies},
  volume={10},
  number={10},
  pages={1649},
  year={2017},
  publisher={Multidisciplinary Digital Publishing Institute}
}
@article{basco2013effect,
  title={The effect of the hydrogen presence on combustion-induced rapid phase transition of CO/O2/N2 mixtures},
  author={Basco, Anna and Cammarota, Francesco and Di Benedetto, Almerinda and Di Sarli, Valeria and Salzano, Ernesto and Russo, Gennaro},
  journal={international journal of hydrogen energy},
  volume={38},
  number={36},
  pages={16463--16470},
  year={2013},
  publisher={Elsevier}
}

@article{yao2019molecular,
  title={Molecular diffusion and phase stability in high-pressure combustion},
  author={Yao, Matthew X and Hickey, Jean-Pierre and Ma, Peter C and Ihme, Matthias},
  journal={Combustion and Flame},
  volume={210},
  pages={302--314},
  year={2019},
  publisher={Elsevier}
}

@article{roy2010experimental,
  title={Experimental study of fluid jet mixing at supercritical conditions},
  author={Roy, Arnab and Segal, Corin},
  journal={Journal of Propulsion and Power},
  volume={26},
  number={6},
  pages={1205--1211},
  year={2010}
}
@article{ray2019two,
  title={Two-phase transient simulations of evaporation characteristics of two-component liquid fuel droplets at high pressures},
  author={Ray, Saroj and Raghavan, Vasudevan and Gogos, George},
  journal={International Journal of Multiphase Flow},
  volume={111},
  pages={294--309},
  year={2019},
  publisher={Elsevier}
}

@book{reid1977properties,
  title={The Properties of Liquids and Gases.(Stichworte Teil 2)},
  author={Reid, Robert C and Prausnitz, John M and Sherwood, Thomas K},
  year={1977},
  publisher={McGraw-Hill}
}

@article{sengers1985transport,
  title={Transport properties of fluids near critical points},
  author={Sengers, Jan V},
  journal={International journal of thermophysics},
  volume={6},
  number={3},
  pages={203--232},
  year={1985},
  publisher={Springer}
}

@article{karrholm2006rhie,
  title={Rhie-chow interpolation in openfoam},
  author={K{\"a}rrholm, Fabian Peng},
  journal={Department of Applied Mechanics, Chalmers University of Technology: Goteborg, Sweden},
  year={2006}
}

@article{tudisco2020numerical,
  title={Numerical Investigations of Phase-Separation During Multi-Component Mixing at Super-Critical Conditions},
  author={Tudisco, Principio and Menon, Suresh},
  journal={Flow, Turbulence and Combustion},
  volume={104},
  number={2},
  pages={693--724},
  year={2020},
  publisher={Springer}
}

@article{yang2000modeling,
  title={Modeling of supercritical vaporization, mixing, and combustion processes in liquid-fueled propulsion systems},
  author={Yang, Vigor},
  journal={Proceedings of the Combustion Institute},
  volume={28},
  number={1},
  pages={925--942},
  year={2000},
  publisher={Elsevier}
}

@article{van1980critical,
  title={Critical lines and phase equilibria in binary van der Waals mixtures},
  author={Van Konynenburg, PH and Scott, RL},
  journal={Philosophical Transactions of the Royal Society of London. Series A, Mathematical and Physical Sciences},
  volume={298},
  number={1442},
  pages={495--540},
  year={1980},
  publisher={The Royal Society London}
}



@inproceedings{chehroudi1999initial,
  title={Initial growth rate and visual characteristics of a round jet into a sub-to supercritical environment of relevance to rocket, gas turbine, and diesel engines},
  author={Chehroudi, B and Talley, D and Coy, E},
  booktitle={37th Aerospace Sciences Meeting and Exhibit},
  pages={206},
  year={1999}
}



@article{tudisco2020vapor,
  title={A vapor--liquid equilibrium induced Lewis number effect in real-gas shear layers: A theoretical study},
  author={Tudisco, P and Menon, S},
  journal={Physics of Fluids},
  volume={32},
  number={11},
  pages={112111},
  year={2020},
  publisher={AIP Publishing LLC}
}

@article{tudisco2020analytical,
  title={Analytical framework for real-gas mixtures with phase-equilibrium thermodynamics},
  author={Tudisco, P and Menon, S},
  journal={The Journal of Supercritical Fluids},
  volume={164},
  pages={104929},
  year={2020},
  publisher={Elsevier}
}

@article{kurganov2001semidiscrete,
  title={Semidiscrete central-upwind schemes for hyperbolic conservation laws and Hamilton--Jacobi equations},
  author={Kurganov, Alexander and Noelle, Sebastian and Petrova, Guergana},
  journal={SIAM Journal on Scientific Computing},
  volume={23},
  number={3},
  pages={707--740},
  year={2001},
  publisher={SIAM}
}

@article{abgrall2001computations,
  title={Computations of compressible multifluids},
  author={Abgrall, R{\'e}mi and Karni, Smadar},
  journal={Journal of computational physics},
  volume={169},
  number={2},
  pages={594--623},
  year={2001},
  publisher={Elsevier}
}
@article{billet2003adaptive,
  title={An adaptive shock-capturing algorithm for solving unsteady reactive flows},
  author={Billet, G and Abgrall, R},
  journal={Computers \& fluids},
  volume={32},
  number={10},
  pages={1473--1495},
  year={2003},
  publisher={Elsevier}
}

@article{masi2013multi,
  title={Multi-species turbulent mixing under supercritical-pressure conditions: modelling, direct numerical simulation and analysis revealing species spinodal decomposition},
  author={Masi, Enrica and Bellan, Josette and Harstad, Kenneth G and Okong’o, Nora A},
  journal={Journal of Fluid Mechanics},
  volume={721},
  pages={578--626},
  year={2013},
  publisher={Cambridge University Press}
}

@article{zhang2022multicomponent,
  title={Multicomponent Effects on the Supercritical CO2 Systems: Mixture Critical Point and Phase Separation},
  author={Zhang, Hongyuan and Yi, Ping and Yang, Suo},
  journal={Flow, Turbulence and Combustion},
  volume={109},
  number={2},
  pages={515--543},
  year={2022},
  publisher={Springer}
}

@inproceedings{zhang2021multi,
  title={Multi-component transcritical flow simulation based on in situ adaptive tabulation of vapor-liquid equilibrium solutions},
  author={Zhang, Hongyuan and Yang, Suo},
  booktitle={AIAA Scitech 2021 Forum},
  pages={0549},
  year={2021}
}

@article{miller2001direct,
  title={Direct numerical simulations of supercritical fluid mixing layers applied to heptane--nitrogen},
  author={Miller, Richard S and Harstad, Kenneth G and Bellan, Josette},
  journal={Journal of Fluid Mechanics},
  volume={436},
  pages={1--39},
  year={2001},
  publisher={Cambridge University Press}
}

@article{jofre2021transcritical,
  title={Transcritical diffuse-interface hydrodynamics of propellants in high-pressure combustors of chemical propulsion systems},
  author={Jofre, Llu{\'\i}s and Urzay, Javier},
  journal={Progress in Energy and Combustion Science},
  volume={82},
  pages={100877},
  year={2021},
  publisher={Elsevier}
}

@article{gaballa2023modeling,
  title={Modeling and LES of high-pressure liquid injection under evaporating and non-evaporating conditions by a real fluid model and surface density approach},
  author={Gaballa, Hesham and Habchi, Chaouki and de Hemptinne, Jean-Charles},
  journal={International Journal of Multiphase Flow},
  volume={160},
  pages={104372},
  year={2023},
  publisher={Elsevier}
}


@article{smith2004fundamentals,
  title={Fundamentals of supercritical mixing and combustion of cryogenic propellants},
  author={Smith, Joshua J and Mayer, WOH},
  journal={Liquid rocket thrust chambers. Reston, VA: American Institute of Aeronautics and Astronautics},
  pages={339--367},
  year={2004}
}

@article{chehroudi2012recent,
  title={Recent experimental efforts on high-pressure supercritical injection for liquid rockets and their implications},
  author={Chehroudi, Bruce},
  journal={International Journal of Aerospace Engineering},
  volume={2012},
  year={2012},
  publisher={Hindawi}
}

@article{mayer2003raman,
  title={Raman measurements of cryogenic injection at supercritical pressure},
  author={Mayer, W and Telaar, J and Branam, R and Schneider, G and Hussong, J},
  journal={Heat and Mass Transfer},
  volume={39},
  number={8-9},
  pages={709--719},
  year={2003},
  publisher={Springer}
}


@article{candel2006structure,
  title={Structure and dynamics of cryogenic flames at supercritical pressure},
  author={CANDEL*, S and Juniper, M and Singla, G and Scouflaire, P and Rolon, C},
  journal={Combustion Science and Technology},
  volume={178},
  number={1-3},
  pages={161--192},
  year={2006},
  publisher={Taylor \& Francis}
}



@article{mayer1998atomization,
  title={Atomization and breakup of cryogenic propellants under high-pressure subcritical and supercritical conditions},
  author={Mayer, Wolfgang OH and Schik, Axel HA and Vielle, Bruno and Chauveau, Christian and Gokalp, Iskender and Talley, Douglas G and Woodward, Rodger D},
  journal={Journal of Propulsion and Power},
  volume={14},
  number={5},
  pages={835--842},
  year={1998}
}

@article{chehroudi2002visual,
  title={Visual characteristics and initial growth rates of round cryogenic jets at subcritical and supercritical pressures},
  author={Chehroudi, B and Talley, D and Coy, E},
  journal={Physics of Fluids},
  volume={14},
  number={2},
  pages={850--861},
  year={2002},
  publisher={American Institute of Physics}
}

@inproceedings{oschwald1999investigation,
  title={Investigation of coaxial LN2/GH2-injection at supercritical pressure by spontaneous Raman scattering},
  author={Oschwald, M and Schik, A and Klar, M and Mayer, W},
  booktitle={35th joint propulsion conference and exhibit},
  pages={2887},
  year={1999}
}


@article{oschwald2006injection,
  title={Injection of fluids into supercritical environments},
  author={Oschwald*, M and Smith, JJ and Branam, R and Hussong, J and Schik, A and Chehroudi, B and Talley, D},
  journal={Combustion science and technology},
  volume={178},
  number={1-3},
  pages={49--100},
  year={2006},
  publisher={Taylor \& Francis}
}

@article{habiballah2006experimental,
  title={Experimental studies of high-pressure cryogenic flames on the mascotte facility},
  author={HABIBALLAH*, M and Orain, M and Grisch, F and Vingert, L and Gicquel, P},
  journal={Combustion Science and Technology},
  volume={178},
  number={1-3},
  pages={101--128},
  year={2006},
  publisher={Taylor \& Francis}
}

@article{lin2006structures,
  title={Structures and phase transition processes of supercritical methane/ethylene mixtures injected into a subcritical environment},
  author={Lin, K-C and Cox-Stouffer, SK and Jackson, TA},
  journal={Combustion Science and Technology},
  volume={178},
  number={1-3},
  pages={129--160},
  year={2006},
  publisher={Taylor \& Francis}
}

@article{segal2008subcritical,
  title={Subcritical to supercritical mixing},
  author={Segal, C and Polikhov, SA},
  journal={Physics of Fluids},
  volume={20},
  number={5},
  pages={052101},
  year={2008},
  publisher={American Institute of Physics}
}

@article{roy2013disintegrating,
  title={Disintegrating supercritical jets in a subcritical environment},
  author={Roy, Arnab and Joly, Clement and Segal, Corin},
  journal={Journal of Fluid Mechanics},
  volume={717},
  pages={193--202},
  year={2013},
  publisher={Cambridge University Press}
}

@article{pei2015large,
  title={Large eddy simulation of a reacting spray flame with multiple realizations under compression ignition engine conditions},
  author={Pei, Yuanjiang and Som, Sibendu and Pomraning, Eric and Senecal, Peter K and Skeen, Scott A and Manin, Julien and Pickett, Lyle M},
  journal={Combustion and Flame},
  volume={162},
  number={12},
  pages={4442--4455},
  year={2015},
  publisher={Elsevier}
}

@article{kahila2018large,
  title={Large-eddy simulation on the influence of injection pressure in reacting Spray A},
  author={Kahila, Heikki and Wehrfritz, Armin and Kaario, Ossi and Masouleh, Mahdi Ghaderi and Maes, Noud and Somers, Bart and Vuorinen, Ville},
  journal={Combustion and Flame},
  volume={191},
  pages={142--159},
  year={2018},
  publisher={Elsevier}
}

@article{gadalla2020large,
  title={Large-eddy simulation of ECN Spray A: sensitivity study on modeling assumptions},
  author={Gadalla, Mahmoud and Kannan, Jeevananthan and Tekg{\"u}l, Bulut and Karimkashi, Shervin and Kaario, Ossi and Vuorinen, Ville},
  journal={Energies},
  volume={13},
  number={13},
  pages={3360},
  year={2020},
  publisher={MDPI}
}


@article{lacaze2015analysis,
  title={Analysis of high-pressure Diesel fuel injection processes using LES with real-fluid thermodynamics and transport},
  author={Lacaze, Guilhem and Misdariis, Antony and Ruiz, Anthony and Oefelein, Joseph C},
  journal={Proceedings of the Combustion Institute},
  volume={35},
  number={2},
  pages={1603--1611},
  year={2015},
  publisher={Elsevier}
}

@article{hakim2016large,
  title={Large eddy simulation of autoignition transients in a model diesel injector configuration},
  author={Hakim, Layal and Lacaze, Guilhem and Oefelein, Joseph},
  journal={SAE International Journal of Fuels and Lubricants},
  volume={9},
  number={1},
  pages={165--176},
  year={2016},
  publisher={JSTOR}
}

@article{yang2020real,
  title={Real-fluid injection modeling and LES simulation of the ECN Spray A injector using a fully compressible two-phase flow approach},
  author={Yang, Songzhi and Yi, Ping and Habchi, Chaouki},
  journal={International Journal of Multiphase Flow},
  volume={122},
  pages={103145},
  year={2020},
  publisher={Elsevier}
}

@article{yang2020parametric,
  title={Parametric investigation of low pressure dual-fuel direct injection on the combustion performance and emissions characteristics in a RCCI engine fueled with diesel and CH4},
  author={Yang, Bo and Duan, Qimeng and Liu, Bing and Zeng, Ke},
  journal={Fuel},
  volume={260},
  pages={116408},
  year={2020},
  publisher={Elsevier}
}



@inproceedings{srinivasan2023vle,
  title={A VLE-Based Reacting Flow Solver for High-Pressure Transcritical Two-Phase Combustion},
  author={Srinivasan, Navneeth and Zhang, Hongyuan and Yang, Suo},
  booktitle={AIAA SCITECH 2023 Forum},
  pages={1858},
  year={2023}
}

@article{fathi2022large,
  title={Large eddy simulations of reacting and non-reacting transcritical fuel sprays using multiphase thermodynamics},
  author={Fathi, Mohamad and Hickel, Stefan and Roekaerts, Dirk},
  journal={Physics of Fluids},
  volume={34},
  number={8},
  pages={085131},
  year={2022},
  publisher={AIP Publishing LLC}
}

@article{koukouvinis2020high,
  title={High pressure/high temperature multiphase simulations of dodecane injection to nitrogen: Application on ECN Spray-A},
  author={Koukouvinis, Phoevos and Vidal-Roncero, Alvaro and Rodriguez, Carlos and Gavaises, Manolis and Pickett, Lyle},
  journal={Fuel},
  volume={275},
  pages={117871},
  year={2020},
  publisher={Elsevier}
}



@article{jafari2021towards,
  title={Towards understanding the structure of subcritical and transcritical liquid--gas interfaces using a tabulated real fluid modeling approach},
  author={Jafari, Sajad and Gaballa, Hesham and Habchi, Chaouki and de Hemptinne, Jean-Charles},
  journal={Energies},
  volume={14},
  number={18},
  pages={5621},
  year={2021},
  publisher={MDPI}
}

@article{jafari2022exploring,
  title={Exploring the interaction between phase separation and turbulent fluid dynamics in multi-species supercritical jets using a tabulated real-fluid model},
  author={Jafari, Sajad and Gaballa, Hesham and Habchi, Chaouki and De Hemptinne, Jean-Charles and Mougin, Pascal},
  journal={The Journal of Supercritical Fluids},
  volume={184},
  pages={105557},
  year={2022},
  publisher={Elsevier}
}

@article{gaballa2022numerical,
  title={Numerical investigation of droplet evaporation in high-pressure dual-fuel conditions using a tabulated real-fluid model},
  author={Gaballa, Hesham and Jafari, Sajad and Habchi, Chaouki and de Hemptinne, Jean-Charles},
  journal={International Journal of Heat and Mass Transfer},
  volume={189},
  pages={122671},
  year={2022},
  publisher={Elsevier}
}

@article{koukouvinis2022machine,
  title={Machine Learning and transcritical sprays: A demonstration study of their potential in ECN Spray-A},
  author={Koukouvinis, Phoevos and Rodriguez, Carlos and Hwang, Joonsik and Karathanassis, Ioannis and Gavaises, Manolis and Pickett, Lyle},
  journal={International Journal of Engine Research},
  volume={23},
  number={9},
  pages={1556--1572},
  year={2022},
  publisher={SAGE Publications Sage UK: London, England}
}

@article{wang2019accelerating,
  title={Accelerating and stabilizing the vapor-liquid equilibrium (VLE) calculation in compositional simulation of unconventional reservoirs using deep learning based flash calculation},
  author={Wang, Shihao and Sobecki, Nicolas and Ding, Didier and Zhu, Lingchen and Wu, Yu-Shu},
  journal={Fuel},
  volume={253},
  pages={209--219},
  year={2019},
  publisher={Elsevier}
}



@article{soave1972equilibrium,
  title={Equilibrium constants from a modified Redlich-Kwong equation of state},
  author={Soave, Giorgio},
  journal={Chemical engineering science},
  volume={27},
  number={6},
  pages={1197--1203},
  year={1972},
  publisher={Elsevier}
}

@article{muller2016large,
  title={Large-eddy simulation of nitrogen injection at trans-and supercritical conditions},
  author={M{\"u}ller, Hagen and Niedermeier, Christoph A and Matheis, Jan and Pfitzner, Michael and Hickel, Stefan},
  journal={Physics of fluids},
  volume={28},
  number={1},
  pages={015102},
  year={2016},
  publisher={AIP Publishing LLC}
}

@article{benedict1940empirical,
  title={An empirical equation for thermodynamic properties of light hydrocarbons and their mixtures I. Methane, ethane, propane and n-butane},
  author={Benedict, Manson and Webb, George B and Rubin, Louis C},
  journal={The Journal of Chemical Physics},
  volume={8},
  number={4},
  pages={334--345},
  year={1940},
  publisher={American Institute of Physics}
}

@article{gross2001perturbed,
  title={Perturbed-chain SAFT: An equation of state based on a perturbation theory for chain molecules},
  author={Gross, Joachim and Sadowski, Gabriele},
  journal={Industrial \& engineering chemistry research},
  volume={40},
  number={4},
  pages={1244--1260},
  year={2001},
  publisher={ACS Publications}
}

@article{kawai2015robust,
  title={A robust and accurate numerical method for transcritical turbulent flows at supercritical pressure with an arbitrary equation of state},
  author={Kawai, Soshi and Terashima, Hiroshi and Negishi, Hideyo},
  journal={Journal of Computational Physics},
  volume={300},
  pages={116--135},
  year={2015},
  publisher={Elsevier}
}

@article{schmitt2010large,
  title={Large-eddy simulation of supercritical-pressure round jets},
  author={Schmitt, Thomas and Selle, Laurent and Ruiz, Anthony and Cuenot, B{\'e}n{\'e}dicte},
  journal={AIAA journal},
  volume={48},
  number={9},
  pages={2133--2144},
  year={2010}
}

@article{terashima2012approach,
  title={Approach for simulating gas--liquid-like flows under supercritical pressures using a high-order central differencing scheme},
  author={Terashima, Hiroshi and Koshi, Mitsuo},
  journal={Journal of Computational Physics},
  volume={231},
  number={20},
  pages={6907--6923},
  year={2012},
  publisher={Elsevier}
}

@phdthesis{ruiz2012unsteady,
  title={Unsteady numerical simulations of transcritical turbulent combustion in liquid rocket engines},
  author={Ruiz, Anthony},
  year={2012}
}

@incollection{hickey2013large,
  title={Large eddy simulation of shear coaxial rocket injector: Real fluid effects},
  author={Hickey, Jean-Pierre and Ma, Peter C and Ihme, Matthias and Thakur, Siddharth S},
  booktitle={49th AIAA/ASME/SAE/ASEE Joint PropulsionConference},
  pages={4071},
  year={2013}
}

@article{johnsen2012preventing,
  title={Preventing numerical errors generated by interface-capturing schemes in compressible multi-material flows},
  author={Johnsen, Eric and Ham, Frank},
  journal={Journal of Computational Physics},
  volume={231},
  number={17},
  pages={5705--5717},
  year={2012},
  publisher={Elsevier}
}



@article{billet2011runge,
  title={A Runge--Kutta discontinuous Galerkin approach to solve reactive flows: The hyperbolic operator},
  author={Billet, G and Ryan, J},
  journal={Journal of Computational Physics},
  volume={230},
  number={4},
  pages={1064--1083},
  year={2011},
  publisher={Elsevier}
}

@article{houim2011low,
  title={A low-dissipation and time-accurate method for compressible multi-component flow with variable specific heat ratios},
  author={Houim, Ryan W and Kuo, Kenneth K},
  journal={Journal of Computational Physics},
  volume={230},
  number={23},
  pages={8527--8553},
  year={2011},
  publisher={Elsevier}
}

@article{lv2014discontinuous,
  title={Discontinuous Galerkin method for multicomponent chemically reacting flows and combustion},
  author={Lv, Yu and Ihme, Matthias},
  journal={Journal of Computational Physics},
  volume={270},
  pages={105--137},
  year={2014},
  publisher={Elsevier}
}

@article{ma2017entropy,
  title={An entropy-stable hybrid scheme for simulations of transcritical real-fluid flows},
  author={Ma, Peter C and Lv, Yu and Ihme, Matthias},
  journal={Journal of Computational Physics},
  volume={340},
  pages={330--357},
  year={2017},
  publisher={Elsevier}
}

@article{lacaze2019comparison,
  title={Comparison of energy-, pressure-and enthalpy-based approaches for modeling supercritical flows},
  author={Lacaze, Guilhem and Schmitt, Thomas and Ruiz, Anthony and Oefelein, Joseph C},
  journal={Computers \& Fluids},
  volume={181},
  pages={35--56},
  year={2019},
  publisher={Elsevier}
}

@article{kolhapure2005pdf,
  title={PDF simulations of ethylene decomposition in tubular LDPE reactors},
  author={Kolhapure, Nitin H and Fox, Rodney O and Dai$\beta$, Andreas and M{\"a}hling, Frank-Olaf},
  journal={AIChE journal},
  volume={51},
  number={2},
  pages={585--606},
  year={2005},
  publisher={Wiley Online Library}
}

@article{shah1999computational,
  title={Computational fluid dynamics simulation of chemical reactors: Application of in situ adaptive tabulation to methane thermochlorination chemistry},
  author={Shah, Jimmy J and Fox, Rodney O},
  journal={Industrial \& engineering chemistry research},
  volume={38},
  number={11},
  pages={4200--4212},
  year={1999},
  publisher={ACS Publications}
}

@article{arsenlis2006generalized,
  title={Generalized in situ adaptive tabulation for constitutive model evaluation in plasticity},
  author={Arsenlis, A and Barton, NR and Becker, R and Rudd, RE},
  journal={Computer methods in applied mechanics and engineering},
  volume={196},
  number={1-3},
  pages={1--13},
  year={2006},
  publisher={Elsevier}
}

@article{hedengren2008approximate,
  title={Approximate nonlinear model predictive control with in situ adaptive tabulation},
  author={Hedengren, John D and Edgar, Thomas F},
  journal={Computers \& Chemical Engineering},
  volume={32},
  number={4-5},
  pages={706--714},
  year={2008},
  publisher={Elsevier}
}
@article{10.1115/1.2709655,
    author = {Mazumder, Sandip},
    title = "{Modeling Full-Scale Monolithic Catalytic Converters: Challenges and Possible Solutions}",
    journal = {Journal of Heat Transfer},
    volume = {129},
    number = {4},
    pages = {526-535},
    year = {2006},
    month = {07},
    abstract = "{Modeling full-scale monolithic catalytic converters using state-of-the-art computational fluid dynamics algorithms and techniques encounters a classical multiscale problem: the channels within the monolith have length scales that are ∼1–2 mm, while the converter itself has a length scale that is ∼5–10 cm. This necessitates very fine grids to resolve all the length scales, resulting in few million computational cells. When complex heterogeneous chemistry is included, the computational problem becomes all but intractable unless massively parallel computation is employed. Two approaches to address this difficulty are reviewed, and their effectiveness demonstrated for the computation of full-scale catalytic converters with complex chemistry. The first approach is one where only the larger scales are resolved by a grid, while the physics at the smallest scale (channel scale) are modeled using subgrid scale models whose development entails detailed flux balances at the “imaginary” fluid–solid interfaces within each computational cell. The second approach makes use of the in situ adaptive tabulation algorithm, after significant reformulation of the underlying mathematics, to accelerate computation of the surface reaction boundary conditions. Preliminary results shown here for a catalytic combustion application involving 19 species and 24 reactions indicate that both methods have the potential of improving computational efficiency by several orders of magnitude.}",
    issn = {0022-1481},
    doi = {10.1115/1.2709655},
    url = {https://doi.org/10.1115/1.2709655},
    eprint = {https://asmedigitalcollection.asme.org/heattransfer/article-pdf/129/4/526/5675517/526\_1.pdf},
}
@article{mazumder2007modeling,
  title={Modeling full-scale monolithic catalytic converters: challenges and possible solutions},
  author={Mazumder, Sandip},
  year={2007}
}

@article{varshney2005multiscale,
  title={Multiscale optimization using hybrid PDE/kMC process systems with application to thin film growth},
  author={Varshney, Amit and Armaou, Antonios},
  journal={Chemical Engineering Science},
  volume={60},
  number={23},
  pages={6780--6794},
  year={2005},
  publisher={Elsevier}
}

@article{mazumder2005adaptation,
  title={Adaptation of the in situ adaptive tabulation (ISAT) procedure for efficient computation of surface reactions},
  author={Mazumder, Sandip},
  journal={Computers \& chemical engineering},
  volume={30},
  number={1},
  pages={115--124},
  year={2005},
  publisher={Elsevier}
}

@article{lacey2021situ,
  title={In-Situ Adaptive Manifolds: Enabling computationally efficient simulations of complex turbulent reacting flows},
  author={Lacey, Cristian E and Novoselov, Alex G and Mueller, Michael E},
  journal={Proceedings of the Combustion Institute},
  volume={38},
  number={2},
  pages={2673--2680},
  year={2021},
  publisher={Elsevier}
}

@article{fuller1966new,
  title={New method for prediction of binary gas-phase diffusion coefficients},
  author={Fuller, Edward N and Schettler, Paul D and Giddings, J Calvin},
  journal={Industrial \& Engineering Chemistry},
  volume={58},
  number={5},
  pages={18--27},
  year={1966},
  publisher={ACS Publications}
}

@techreport{kee1996chemkin,
  title={CHEMKIN-III: A FORTRAN chemical kinetics package for the analysis of gas-phase chemical and plasma kinetics},
  author={Kee, Robert J and Rupley, Fran M and Meeks, Ellen and Miller, James A},
  year={1996},
  institution={Sandia National Lab.(SNL-CA), Livermore, CA (United States)}
}

@article{kurganov2000new,
  title={New high-resolution central schemes for nonlinear conservation laws and convection--diffusion equations},
  author={Kurganov, Alexander and Tadmor, Eitan},
  journal={Journal of computational physics},
  volume={160},
  number={1},
  pages={241--282},
  year={2000},
  publisher={Elsevier}
}

@article{greenshields2010implementation,
  title={Implementation of semi-discrete, non-staggered central schemes in a colocated, polyhedral, finite volume framework, for high-speed viscous flows},
  author={Greenshields, Christopher J and Weller, Henry G and Gasparini, Luca and Reese, Jason M},
  journal={International journal for numerical methods in fluids},
  volume={63},
  number={1},
  pages={1--21},
  year={2010},
  publisher={Wiley Online Library}
}

@article{garcia2011vapor,
  title={Vapor- liquid equilibrium data for the nitrogen+ dodecane system at temperatures from (344 to 593) K and at pressures up to 60 MPa},
  author={Garc{\'\i}a-C{\'o}rdova, Tom{\'a}s and Justo-Garc{\'\i}a, Daimler N and Garc{\'\i}a-Flores, Blanca E and Garc{\'\i}a-S{\'a}nchez, Fernando},
  journal={Journal of Chemical \& Engineering Data},
  volume={56},
  number={4},
  pages={1555--1564},
  year={2011},
  publisher={ACS Publications}
}

@article{eliosa2009vapor,
  title={Vapor--liquid equilibrium data for the nitrogen+ n-octane system from (344.5 to 543.5) K and at pressures up to 50 MPa},
  author={Eliosa-Jim{\'e}nez, Gaudencio and Garc{\'\i}a-S{\'a}nchez, Fernando and Silva-Oliver, Guadalupe and Mac{\'\i}as-Salinas, Ricardo},
  journal={Fluid phase equilibria},
  volume={282},
  number={1},
  pages={3--10},
  year={2009},
  publisher={Elsevier}
}

@article{van1974towards,
  title={Towards the ultimate conservative difference scheme. II. Monotonicity and conservation combined in a second-order scheme},
  author={Van Leer, Bram},
  journal={Journal of computational physics},
  volume={14},
  number={4},
  pages={361--370},
  year={1974},
  publisher={Elsevier}
}





@book{michelsen2007thermodynamic,
  title={Thermodynamic models: fundamentals \& computational aspects},
  author={Michelsen, Michael L and Mollerup, J{\o}rgen M},
  volume={775},
  year={2007},
  publisher={Tie-Line Publications Holte, Denmark}
}

@inproceedings{mcclung2015comparison,
  title={Comparison of supercritical carbon dioxide cycles for oxy-combustion},
  author={McClung, Aaron and Brun, Klaus and Delimont, Jacob},
  booktitle={Turbo Expo: Power for Land, Sea, and Air},
  volume={56802},
  pages={V009T36A006},
  year={2015},
  organization={American Society of Mechanical Engineers}
}

@inproceedings{abdul2017cfd,
  title={A CFD simulation of coal syngas oxy-combustion in a high-pressure supercritical CO2 environment},
  author={Abdul-Sater, Hassan and Lenertz, James and Bonilha, Chris and Lu, Xijia and Fetvedt, Jeremy},
  booktitle={Turbo Expo: Power for Land, Sea, and Air},
  volume={50848},
  pages={V04AT04A051},
  year={2017},
  organization={American Society of Mechanical Engineers}
}

@article{barak2020ignition,
  title={Ignition delay times of oxy-syngas and oxy-methane in supercritical CO2 mixtures for direct-fired cycles},
  author={Barak, Samuel and Pryor, Owen and Ninnemann, Erik and Neupane, Sneha and Vasu, Subith and Lu, Xijia and Forrest, Brock},
  journal={Journal of Engineering for Gas Turbines and Power},
  volume={142},
  number={2},
  year={2020},
  publisher={American Society of Mechanical Engineers Digital Collection}
}

@article{ahmad2009experimental,
  title={Experimental assessment of droplet impact erosion resistance of steam turbine blade materials},
  author={Ahmad, M and Casey, M and S{\"u}rken, N},
  journal={Wear},
  volume={267},
  number={9-10},
  pages={1605--1618},
  year={2009},
  publisher={Elsevier}
}

@article{vesely2019effect,
  title={Effect of impurities on compressor and cooler in supercritical CO2 cycles},
  author={Vesely, Ladislav and Manikantachari, KRV and Vasu, Subith and Kapat, Jayanta and Dostal, Vaclav and Martin, Scott},
  journal={Journal of energy resources technology},
  volume={141},
  number={1},
  year={2019},
  publisher={American Society of Mechanical Engineers Digital Collection}
}

@techreport{pint2018effect,
  title={The Effect of Impurities on Oxidation in Supercritical CO2 at 750 C},
  author={Pint, Bruce A and Keiser, James R},
  year={2018},
  institution={Oak Ridge National Lab.(ORNL), Oak Ridge, TN (United States)}
}
@article{oefelein2005thermophysical,
  title={Thermophysical characteristics of shear-coaxial LOX--H2 flames at supercritical pressure},
  author={Oefelein, Joseph C},
  journal={Proceedings of the Combustion Institute},
  volume={30},
  number={2},
  pages={2929--2937},
  year={2005},
  publisher={Elsevier}
}

@article{bellan2000supercritical,
  title={Supercritical (and subcritical) fluid behavior and modeling: drops, streams, shear and mixing layers, jets and sprays},
  author={Bellan, Josette},
  journal={Progress in energy and combustion science},
  volume={26},
  number={4-6},
  pages={329--366},
  year={2000},
  publisher={Elsevier}
}

@article{xu1992high,
  title={High pressure vapor liquid equilibria at 293 K for systems containing nitrogen, methane and carbon dioxide},
  author={Xu, Nanping and Dong, Junhang and Wang, Yanru and Shi, Jun},
  journal={Fluid phase equilibria},
  volume={81},
  pages={175--186},
  year={1992},
  publisher={Elsevier}
}

@article{perakis2006thermodynamic,
  title={Thermodynamic modeling of the vapor--liquid equilibrium of the water/ethanol/CO2 system},
  author={Perakis, Christophoros and Voutsas, Epaminondas and Magoulas, Kostis and Tassios, Dimitrios},
  journal={Fluid Phase Equilibria},
  volume={243},
  number={1-2},
  pages={142--150},
  year={2006},
  publisher={Elsevier}
}

@article{pappa2009thermodynamic,
  title={Thermodynamic modeling of the vapor--liquid equilibrium of the CO2/H2O mixture},
  author={Pappa, Georgia D and Perakis, Christophoros and Tsimpanogiannis, Ioannis N and Voutsas, Epaminondas C},
  journal={Fluid Phase Equilibria},
  volume={284},
  number={1},
  pages={56--63},
  year={2009},
  publisher={Elsevier}
}

@article{lasala2016vle,
  title={VLE properties of CO2--Based binary systems containing N2, O2 and Ar: Experimental measurements and modelling results with advanced cubic equations of state},
  author={Lasala, Silvia and Chiesa, Paolo and Privat, Romain and Jaubert, Jean-No{\"e}l},
  journal={Fluid Phase Equilibria},
  volume={428},
  pages={18--31},
  year={2016},
  publisher={Elsevier}
}

@article{legoix2017phase,
  title={Phase equilibria of the CH4-CO2 binary and the CH4-CO2-H2O ternary mixtures in the presence of a CO2-rich liquid phase},
  author={Legoix, Ludovic Nicolas and Ruffine, Livio and Donval, Jean-Pierre and Haeckel, Matthias},
  journal={Energies},
  volume={10},
  number={12},
  pages={2034},
  year={2017},
  publisher={Multidisciplinary Digital Publishing Institute}
}

@article{hanks1971calculation,
  title={Calculation of isothermal vapor-liquid equilibrium data for binary mixtures from heats of mixing},
  author={Hanks, Richard W and Gupta, Avinash C and Christensen, James J},
  journal={Industrial \& Engineering Chemistry Fundamentals},
  volume={10},
  number={3},
  pages={504--509},
  year={1971},
  publisher={ACS Publications}
}

@article{lemmon2018nist,
  title={NIST Standard Reference Database 23: Reference Fluid Thermodynamic and Transport Properties-REFPROP, Version 10.0, National Institute of Standards and Technology},
  author={Lemmon, EW and Bell, Ian H and Huber, ML and McLinden, MO},
  journal={Standard Reference Data Program, Gaithersburg},
  year={2018}
}

@article{star2006numerical,
  title={Numerical simulation of injection of supercritical ethylene into nitrogen},
  author={Star, Ana M and Edwards, Jack R and Lin, Kuo-Cheng and Cox-Stouffer, Susan and Jackson, Thomas A},
  journal={Journal of Propulsion and Power},
  volume={22},
  number={4},
  pages={809--819},
  year={2006}
}

@article{ma2019numerical,
  title={On the numerical behavior of diffuse-interface methods for transcritical real-fluids simulations},
  author={Ma, Peter C and Wu, Hao and Banuti, Daniel T and Ihme, Matthias},
  journal={International Journal of Multiphase Flow},
  volume={113},
  pages={231--249},
  year={2019},
  publisher={Elsevier}
}

@article{holzmann2016mathematics,
  title={Mathematics, numerics, derivations and OpenFOAM{\textregistered}},
  author={Holzmann, Tobias},
  journal={Loeben, Germany: Holzmann CFD},
  year={2016}
}

@article{michelsen1982isothermalP1,
  title={The isothermal flash problem. Part I. Stability},
  author={Michelsen, Michael L},
  journal={Fluid phase equilibria},
  volume={9},
  number={1},
  pages={1--19},
  year={1982},
  publisher={Elsevier}
}

@article{serrano2018development,
  title={Development and verification of an in-flow water condensation model for 3D-CFD simulations of humid air streams mixing},
  author={Serrano, JR and Piqueras, P and Navarro, Roberto and Tar{\'\i}, Daniel and Meano, Cesare Maria},
  journal={Computers \& Fluids},
  volume={167},
  pages={158--165},
  year={2018},
  publisher={Elsevier}
}

@article{zhu2002model,
  title={A model for high-pressure vaporization of droplets of complex liquid mixtures using continuous thermodynamics},
  author={Zhu, Guang-Sheng and Reitz, Rolf D},
  journal={International Journal of Heat and Mass Transfer},
  volume={45},
  number={3},
  pages={495--507},
  year={2002},
  publisher={Elsevier}
}

@article{trujillo2004high,
  title={High-pressure multicomponent liquid sprays: departure from ideal behaviour},
  author={Trujillo, MF and Torres, DJ and O'Rourke, PJ},
  journal={International Journal of Engine Research},
  volume={5},
  number={3},
  pages={229--246},
  year={2004},
  publisher={SAGE Publications Sage UK: London, England}
}

@article{yan2006high,
  title={A high-pressure droplet model for spray simulations},
  author={Yan, Changlin and Aggarwal, Suresh K},
  year={2006}
}

@article{bell2014pure,
  title={Pure and pseudo-pure fluid thermophysical property evaluation and the open-source thermophysical property library CoolProp},
  author={Bell, Ian H and Wronski, Jorrit and Quoilin, Sylvain and Lemort, Vincent},
  journal={Industrial \& engineering chemistry research},
  volume={53},
  number={6},
  pages={2498--2508},
  year={2014},
  publisher={ACS Publications}
}

@article{meng2005transport,
  title={Transport and dynamics of liquid oxygen droplets in supercritical hydrogen streams},
  author={Meng, H and Hsiao, GC and Yang, V and Shuen, JS},
  journal={Journal of Fluid Mechanics},
  volume={527},
  pages={115--139},
  year={2005},
  publisher={Cambridge University Press}
}


@article{xu2018validation,
  title={Validation and analyses of RANS CFD models for turbulent heat transfer of hydrocarbon fuels at supercritical pressures},
  author={Xu, Keke and Ruan, Bo and Meng, Hua},
  journal={International Journal of Thermal Sciences},
  volume={124},
  pages={212--226},
  year={2018},
  publisher={Elsevier}
}

@article{pohl2013real,
  title={Real gas CFD simulations of hydrogen/oxygen supercritical combustion},
  author={Pohl, S and Jarczyk, M and Pfitzner, M and Rogg, B},
  journal={Progress in propulsion physics},
  volume={4},
  pages={583--614},
  year={2013},
  publisher={EDP Sciences}
}

@article{nguyen2022real,
  title={Real-fluid thermophysicalModels: An OpenFOAM-based library for reacting flow simulations at high pressure},
  author={Nguyen, Danh Nam and Jung, Ki Sung and Shim, Jae Won and Yoo, Chun Sang},
  journal={Computer Physics Communications},
  volume={273},
  pages={108264},
  year={2022},
  publisher={Elsevier}
}
@article{ribert2017high,
  title={High-pressure methane-oxygen flames. Analysis of sub-grid scale contributions in filtered equations of state},
  author={Ribert, Guillaume and Petit, Xavier and Domingo, Pascale},
  journal={The Journal of Supercritical Fluids},
  volume={121},
  pages={78--88},
  year={2017},
  publisher={Elsevier}
}

@incollection{patankar1983calculation,
  title={A calculation procedure for heat, mass and momentum transfer in three-dimensional parabolic flows},
  author={Patankar, Suhas V and Spalding, D Brian},
  booktitle={Numerical prediction of flow, heat transfer, turbulence and combustion},
  pages={54--73},
  year={1983},
  publisher={Elsevier}
}

@article{issa1986solution,
  title={Solution of the implicitly discretised fluid flow equations by operator-splitting},
  author={Issa, Raad I},
  journal={Journal of computational physics},
  volume={62},
  number={1},
  pages={40--65},
  year={1986},
  publisher={Elsevier}
}


@article{robertson2015validation,
  title={Validation of OpenFOAM numerical methods and turbulence models for incompressible bluff body flows},
  author={Robertson, E and Choudhury, V and Bhushan, S and Walters, D Keith},
  journal={Computers \& Fluids},
  volume={123},
  pages={122--145},
  year={2015},
  publisher={Elsevier}
}

@article{higuera2014three,
  title={Three-dimensional interaction of waves and porous coastal structures using OpenFOAM{\textregistered}. Part I: Formulation and validation},
  author={Higuera, Pablo and Lara, Javier L and Losada, Inigo J},
  journal={Coastal Engineering},
  volume={83},
  pages={243--258},
  year={2014},
  publisher={Elsevier}
}

@article{gaikwad2019openfoam,
  title={OpenFOAM based conditional moment closure (CMC) model for solving non-premixed turbulent combustion: Integration and validation},
  author={Gaikwad, Pranit and Sreedhara, S},
  journal={Computers \& Fluids},
  volume={190},
  pages={362--373},
  year={2019},
  publisher={Elsevier}
}

@article{gamet2020validation,
  title={Validation of volume-of-fluid OpenFOAM{\textregistered} isoAdvector solvers using single bubble benchmarks},
  author={Gamet, Lionel and Scala, Marco and Roenby, Johan and Scheufler, Henning and Pierson, Jean-Lou},
  journal={Computers \& Fluids},
  volume={213},
  pages={104722},
  year={2020},
  publisher={Elsevier}
}

@article{de2017implementation,
  title={Implementation and validation of an extended Schnerr-Sauer cavitation model for non-isothermal flows in OpenFOAM},
  author={De Giorgi, Maria Grazia and Ficarella, Antonio and Fontanarosa, Donato},
  journal={Energy Procedia},
  volume={126},
  pages={58--65},
  year={2017},
  publisher={Elsevier}
}

@article{ashton2019verification,
  title={Verification and validation of OpenFOAM for high-lift aircraft flows},
  author={Ashton, Neil and Skaperdas, Vangelis},
  journal={Journal of Aircraft},
  volume={56},
  number={4},
  pages={1641--1657},
  year={2019},
  publisher={American Institute of Aeronautics and Astronautics}
}

@inproceedings{yang2017comparison,
  title={Comparison of tabulation and correlated dynamic evaluation of real fluid properties for supercritical mixing},
  author={Yang, Suo and Li, Yixing and Wang, Xingjian and Unnikrishnan, Umesh and Yang, Vigor and Sun, Wenting},
  booktitle={53rd AIAA/SAE/ASEE joint propulsion conference},
  pages={4858},
  year={2017}
}

@inproceedings{milan2019time,
  title={Time-efficient methods for real fluid property evaluation in numerical simulation of chemically reacting flows},
  author={Milan, Petro Junior and Li, Yixing and Wang, Xingjian and Yang, Suo and Sun, Wenting and Yang, Vigor},
  booktitle={11th US National Combustion Meeting, 71TF},
  volume={396},
  pages={1--10},
  year={2019}
}

@article{smith1999gri,
  title={GRI-Mech 3.0},
  author={Smith, Gregory P},
  journal={http://www. me. berkley. edu/gri\_mech/},
  year={1999}
}

@article{goodwin2009cantera,
  title={Cantera: An object-oriented software toolkit for chemical kinetics, thermodynamics, and transport processes},
  author={Goodwin, David G and Moffat, Harry K and Speth, Raymond L},
  journal={Caltech, Pasadena, CA},
  volume={124},
  year={2009}
}

@article{gerasimov2016quick,
  title={Quick guide to setting up LES-type Simulations},
  author={Gerasimov, Aleksey},
  journal={ANSYS Sweden AB: Goteborg, Sweden},
  year={2016}
}
@article{pope2004ten,
  title={Ten questions concerning the large-eddy simulation of turbulent flows},
  author={Pope, Stephen B},
  journal={New journal of Physics},
  volume={6},
  number={1},
  pages={35},
  year={2004},
  publisher={IOP Publishing}
}

@inproceedings{unnikrishnan2017subgrid,
  title={Subgrid scale modeling of the equation of state for turbulent flows under supercritical conditions},
  author={Unnikrishnan, Umesh and Wang, Xingjian and Yang, Suo and Yang, Vigor},
  booktitle={53rd AIAA/SAE/ASEE Joint Propulsion Conference},
  pages={4855},
  year={2017}
}

@article{unnikrishnan2021subgrid,
  title={Subgrid scale modeling considerations for large eddy simulation of supercritical turbulent mixing and combustion},
  author={Unnikrishnan, Umesh and Huo, Hongfa and Wang, Xingjian and Yang, Vigor},
  journal={Physics of Fluids},
  volume={33},
  number={7},
  pages={075112},
  year={2021},
  publisher={AIP Publishing LLC}
}

@article{tretola2021effect,
  title={Effect of the density ratio variation on the dynamics of a liquid jet injected into a gaseous cross-flow},
  author={Tretola, Giovanni and Vogiatzaki, Konstantina and Navarro-Martinez, Salvador},
  journal={Physics of Fluids},
  volume={33},
  number={9},
  pages={092120},
  year={2021},
  publisher={AIP Publishing LLC}
}

@article{sod1978survey,
  title={A survey of several finite difference methods for systems of nonlinear hyperbolic conservation laws},
  author={Sod, Gary A},
  journal={Journal of computational physics},
  volume={27},
  number={1},
  pages={1--31},
  year={1978},
  publisher={Elsevier}
}

@article{chiapolino2017simple,
  title={A simple and fast phase transition relaxation solver for compressible multicomponent two-phase flows},
  author={Chiapolino, Alexandre and Boivin, Pierre and Saurel, Richard},
  journal={Computers \& Fluids},
  volume={150},
  pages={31--45},
  year={2017},
  publisher={Elsevier}
}


@article{su2004simultaneous,
  title={Simultaneous measurements of scalar and velocity field evolution in turbulent crossflowing jets},
  author={Su, LK and Mungal, MG},
  journal={Journal of fluid mechanics},
  volume={513},
  pages={1},
  year={2004},
  publisher={Cambridge University Press}
}

@article{arnold2009circumferential,
  title={Circumferential film cooling effectiveness in a LOX/H2 subscale combustion chamber},
  author={Arnold, Richard and Suslov, Dmitry and Haidn, OJ},
  journal={Journal of Propulsion and Power},
  volume={25},
  number={3},
  pages={760--770},
  year={2009}
}

@article{qiu2015investigation,
  title={An investigation of thermodynamic states during high-pressure fuel injection using equilibrium thermodynamics},
  author={Qiu, Lu and Reitz, Rolf D},
  journal={International Journal of Multiphase Flow},
  volume={72},
  pages={24--38},
  year={2015},
  publisher={Elsevier}
}

@inproceedings{telaar2000experimental,
  title={Experimental investigation of breakup of turbulent liquid jets},
  author={Telaar, J and Schneider, G and Mayer, W},
  booktitle={16th Annual Conference on Liquid Atomization and Spray Systems},
  pages={VI--9},
  year={2000}
}

@article{pope1997computationally,
  title={Computationally efficient implementation of combustion chemistry using in situ adaptive tabulation},
  author={Pope, Stephen B},
  year={1997},
  publisher={Taylor \& Francis}
}

@article{gordon2007numerical,
  title={A numerical study of auto-ignition in turbulent lifted flames issuing into a vitiated co-flow},
  author={Gordon, Robert L and Masri, Assaad R and Pope, Stephen B and Goldin, Graham M},
  journal={Combustion Theory and Modelling},
  volume={11},
  number={3},
  pages={351--376},
  year={2007},
  publisher={Taylor \& Francis}
}
@article{wang2003application,
  title={Application of in situ adaptive tabulation to CFD simulation of nano-particle formation by reactive precipitation},
  author={Wang, Liguang and Fox, Rodney O},
  journal={Chemical Engineering Science},
  volume={58},
  number={19},
  pages={4387--4401},
  year={2003},
  publisher={Elsevier}
}

@article{singer2006modeling,
  title={Modeling unsteady reacting flow with operator splitting and ISAT},
  author={Singer, Michael A and Pope, Stephen B and Najm, Habib N},
  journal={Combustion and Flame},
  volume={147},
  number={1-2},
  pages={150--162},
  year={2006},
  publisher={Elsevier}
}

@article{singer2004exploiting,
  title={Exploiting ISAT to solve the reaction--diffusion equation},
  author={Singer, MA and Pope, SB},
  journal={Combustion theory and modelling},
  volume={8},
  number={2},
  pages={361},
  year={2004},
  publisher={IOP Publishing}
}

@article{tang2002implementation,
  title={Implementation of combustion chemistry by in situ adaptive tabulation of rate-controlled constrained equilibrium manifolds},
  author={Tang, Qing and Pope, Stephen B},
  journal={Proceedings of the Combustion Institute},
  volume={29},
  number={1},
  pages={1411--1417},
  year={2002},
  publisher={Elsevier}
}

@article{chen2004analysis,
  title={Analysis of in situ adaptive tabulation performance for combustion chemistry and improvement with a modified search algorithm},
  author={Chen, J-Y},
  journal={Combustion science and technology},
  volume={176},
  number={7},
  pages={1153--1169},
  year={2004},
  publisher={Taylor \& Francis}
}

@inproceedings{lu2005investigation,
  title={Investigation of strategies for the parallel implementation of ISAT in LES/FDF/ISAT computations},
  author={Lu, Liuyan and Ren, Zhuyin and Lantz, SR and Raman, Venkatramanan and Pope, Stephen B and Pitsch, Heinz},
  booktitle={Fourth Joint Meeting of the US Sections of the Combustion Institute, Drexel University, Philadelphia, PA},
  pages={20--23},
  year={2005}
}

@article{lu2009improved,
  title={An improved algorithm for in situ adaptive tabulation},
  author={Lu, Liuyan and Pope, Stephen B},
  journal={Journal of Computational Physics},
  volume={228},
  number={2},
  pages={361--386},
  year={2009},
  publisher={Elsevier}
}

@article{blasi2016situ,
  title={In situ adaptive tabulation (ISAT) to accelerate transient computational fluid dynamics with complex heterogeneous chemical kinetics},
  author={Blasi, Justin M and Kee, Robert J},
  journal={Computers \& Chemical Engineering},
  volume={84},
  pages={36--42},
  year={2016},
  publisher={Elsevier}
}


@article{ouro2019scalability,
  title={Scalability of an Eulerian-Lagrangian large-eddy simulation solver with hybrid MPI/OpenMP parallelisation},
  author={Ouro, Pablo and Fraga, Bru{\~n}o and Lopez-Novoa, Unai and Stoesser, Thorsten},
  journal={Computers \& fluids},
  volume={179},
  pages={123--136},
  year={2019},
  publisher={Elsevier}
}

@article{he2020structured,
  title={Structured mesh-oriented framework design and optimization for a coarse-grained parallel CFD solver based on hybrid MPI/OpenMP programming},
  author={He, Feng and Dong, Xiaoshe and Zou, Nianjun and Wu, Weiguo and Zhang, Xingjun},
  journal={The Journal of Supercomputing},
  volume={76},
  pages={2815--2841},
  year={2020},
  publisher={Springer}
}

@article{zhong2020efficient,
  title={An efficient large-scale mesh deformation method based on MPI/OpenMP hybrid parallel radial basis function interpolation},
  author={Zhong, ZHAO and Rong, MA and Lei, HE and Chang, Xinghua and Zhang, Laiping},
  journal={Chinese Journal of Aeronautics},
  volume={33},
  number={5},
  pages={1392--1404},
  year={2020},
  publisher={Elsevier}
}

@article{hoefler2013mpi+,
  title={MPI+ MPI: a new hybrid approach to parallel programming with MPI plus shared memory},
  author={Hoefler, Torsten and Dinan, James and Buntinas, Darius and Balaji, Pavan and Barrett, Brian and Brightwell, Ron and Gropp, William and Kale, Vivek and Thakur, Rajeev},
  journal={Computing},
  volume={95},
  pages={1121--1136},
  year={2013},
  publisher={Springer}
}

@article{brinskiy2017introduction,
  title={An introduction to MPI-3 shared memory Programming},
  author={Brinskiy, Mikhail and Lubin, Mark},
  journal={Available https: l/software. inteLcomlenus},
  year={2017}
}

@inproceedings{rabenseifner2009hybrid,
  title={Hybrid MPI/OpenMP parallel programming on clusters of multi-core SMP nodes},
  author={Rabenseifner, Rolf and Hager, Georg and Jost, Gabriele},
  booktitle={2009 17th Euromicro international conference on parallel, distributed and network-based processing},
  pages={427--436},
  year={2009},
  organization={IEEE}
}

@inproceedings{bonwick1994slab,
  title={The slab allocator: An object-caching kernel memory allocator.},
  author={Bonwick, Jeff and others},
  booktitle={USENIX summer},
  volume={16},
  year={1994},
  organization={Boston, MA, USA}
}

@article{lu2009computationally,
  title={Computationally efficient implementation of combustion chemistry in parallel PDF calculations},
  author={Lu, Liuyan and Lantz, Steven R and Ren, Zhuyin and Pope, Stephen B},
  journal={Journal of Computational Physics},
  volume={228},
  number={15},
  pages={5490--5525},
  year={2009},
  publisher={Elsevier}
}

@article{wu2018parallel,
  title={Parallel chemistry acceleration algorithms based on ISAT method in gaseous detonation computations},
  author={Wu, Jintao and Dong, Gang and Li, Baoming},
  journal={Computers \& Fluids},
  volume={167},
  pages={265--284},
  year={2018},
  publisher={Elsevier}
}

@article{contino2011coupling,
  title={Coupling of in situ adaptive tabulation and dynamic adaptive chemistry: An effective method for solving combustion in engine simulations},
  author={Contino, Francesco and Jeanmart, Herv{\'e} and Lucchini, Tommaso and D’Errico, Gianluca},
  journal={Proceedings of the Combustion Institute},
  volume={33},
  number={2},
  pages={3057--3064},
  year={2011},
  publisher={Elsevier}
}

@article{yang1998treating,
  title={Treating chemistry in combustion with detailed mechanisms—in situ adaptive tabulation in principal directions—premixed combustion},
  author={Yang, B and Pope, SB},
  journal={Combustion and Flame},
  volume={112},
  number={1-2},
  pages={85--112},
  year={1998},
  publisher={Elsevier}
}

@article{llave1988vapor,
  title={Vapor-liquid equilibria of nitrogen-hydrocarbon systems at elevated pressures},
  author={Llave, Feliciano M and Chung, Ting Horng},
  journal={Journal of Chemical and Engineering Data},
  volume={33},
  number={2},
  pages={123--128},
  year={1988},
  publisher={ACS Publications}
}

@article{schwer2018liquid,
  title={Liquid-fueled detonation modeling at the US Naval Research Laboratory},
  author={Schwer, Douglas A and Kessler, David},
  year={2018}
}


